@article{bommarito-katz,
  title   = {On the Stability of Community Detection Algorithms on Longitudinal Citation Data},
  journal = {Procedia - Social and Behavioral Sciences},
  volume  = {4},
  pages   = {26 - 37},
  year    = {2010},
  note    = {Applications of Social Network Analysis},
  issn    = {1877-0428},
  doi     = {https://doi.org/10.1016/j.sbspro.2010.07.480},
  url     = {http://www.sciencedirect.com/science/article/pii/S1877042810018549},
  author  = {Michael J. Bommarito II and Daniel M. Katz and Jonathen L. Zelner}
}

@article{karrer-levina,
  title     = {Robustness of community structure in networks},
  volume    = {77},
  issn      = {1550-2376},
  url       = {http://dx.doi.org/10.1103/PhysRevE.77.046119},
  doi       = {10.1103/physreve.77.046119},
  number    = {4},
  journal   = {Physical Review E},
  publisher = {American Physical Society (APS)},
  author    = {Karrer, Brian and Levina, Elizaveta and Newman, M. E. J.},
  year      = {2008},
  month     = {Apr}
}

@article{Newman_2006,
  title     = {Finding community structure in networks using the eigenvectors of matrices},
  volume    = {74},
  issn      = {1550-2376},
  url       = {http://dx.doi.org/10.1103/PhysRevE.74.036104},
  doi       = {10.1103/physreve.74.036104},
  number    = {3},
  journal   = {Physical Review E},
  publisher = {American Physical Society (APS)},
  author    = {Newman, M. E. J.},
  year      = {2006},
  month     = {Sep}
}

@inproceedings{aadithya,
  author    = {Aadithya, Karthik V.
and Ravindran, Balaraman
and Michalak, Tomasz P.
and Jennings, Nicholas R.},
  editor    = {Saberi, Amin},
  title     = {Efficient Computation of the Shapley Value for Centrality in Networks},
  booktitle = {Internet and Network Economics},
  year      = {2010},
  publisher = {Springer Berlin Heidelberg},
  address   = {Berlin, Heidelberg},
  pages     = {1--13},
  isbn      = {978-3-642-17572-5}
}

@article{fenn-porter,
  author    = { Daniel   J.   Fenn  and  Mason   A.   Porter  and  Peter   J.   Mucha  and  Mark   McDonald  and  Stacy   Williams  and  Neil   F.   Johnson  and  Nick   S.   Jones },
  title     = {Dynamical clustering of exchange rates},
  journal   = {Quantitative Finance},
  volume    = {12},
  number    = {10},
  pages     = {1493-1520},
  year      = {2012},
  publisher = {Routledge},
  doi       = {10.1080/14697688.2012.668288},
  url       = {https://doi.org/10.1080/14697688.2012.668288},
  eprint    = {https://doi.org/10.1080/14697688.2012.668288}
}

@article{michalak,
  author  = {Michalak, Tomasz and Aadithya, Karthik and Szczepański, Piotr and Ravindran, Balaraman and Jennings, Nicholas},
  year    = {2014},
  month   = {02},
  pages   = {},
  title   = {Efficient Computation of the Shapley Value for Game-Theoretic Network Centrality},
  volume  = {46},
  journal = {Journal of Artificial Intelligence Research},
  doi     = {10.1613/jair.3806}
}

@article{kannan-vempala,
  author     = {Kannan, Ravi and Vempala, Santosh and Vetta, Adrian},
  title      = {On Clusterings: Good, Bad and Spectral},
  year       = {2004},
  issue_date = {May 2004},
  publisher  = {Association for Computing Machinery},
  address    = {New York, NY, USA},
  volume     = {51},
  number     = {3},
  issn       = {0004-5411},
  url        = {https://doi.org/10.1145/990308.990313},
  doi        = {10.1145/990308.990313},
  journal    = {J. ACM},
  month      = may,
  pages      = {497–515},
  numpages   = {19},
  keywords   = {graph algorithms, Clustering, spectral methods}
}
  
@article{narahari,
  author  = {Narahari, Yadati},
  year    = {2011},
  month   = {02},
  pages   = {130 - 147},
  title   = {A Shapley Value-Based Approach to Discover Influential Nodes in Social Networks},
  volume  = {8},
  journal = {Automation Science and Engineering, IEEE Transactions on},
  doi     = {10.1109/TASE.2010.2052042}
}

@inproceedings{yang-leskovec,
  author    = {J. {Yang} and J. {Leskovec}},
  booktitle = {2012 IEEE 12th International Conference on Data Mining},
  title     = {Community-Affiliation Graph Model for Overlapping Network Community Detection},
  year      = {2012},
  volume    = {},
  number    = {},
  pages     = {1170-1175}
}

@article{girvan-newman,
  author    = {Girvan, M. and Newman, M. E. J.},
  title     = {Community structure in social and biological networks},
  volume    = {99},
  number    = {12},
  pages     = {7821--7826},
  year      = {2002},
  doi       = {10.1073/pnas.122653799},
  publisher = {National Academy of Sciences},
  issn      = {0027-8424},
  url       = {https://www.pnas.org/content/99/12/7821},
  eprint    = {https://www.pnas.org/content/99/12/7821.full.pdf},
  journal   = {Proceedings of the National Academy of Sciences}
}

@article{lfr,
  title = {Benchmark graphs for testing community detection algorithms},
  author = {Lancichinetti, Andrea and Fortunato, Santo and Radicchi, Filippo},
  journal = {Phys. Rev. E},
  volume = {78},
  issue = {4},
  pages = {046110},
  numpages = {5},
  year = {2008},
  month = {Oct},
  publisher = {American Physical Society},
  doi = {10.1103/PhysRevE.78.046110},
  url = {https://link.aps.org/doi/10.1103/PhysRevE.78.046110}
}
